@article{fan2011high,
  title={High dimensional covariance matrix estimation in approximate factor models},
  author={Fan, Jianqing and Liao, Yuan and Mincheva, Martina},
  journal={Annals of statistics},
  volume={39},
  number={6},
  pages={3320},
  year={2011},
  publisher={NIH Public Access}
}
@article{escribano1994cointegration,
	title={Cointegration and common factors},
	author={Escribano, Alvaro and Pe{\~n}a, Daniel},
	journal={Journal of Time Series Analysis},
	volume={15},
	number={6},
	pages={577--586},
	year={1994},
	publisher={Wiley Online Library}
}
@article{breitung2011gls,
	title={GLS estimation of dynamic factor models},
	author={Breitung, J{\"o}rg and Tenhofen, J{\"o}rn},
	journal={Journal of the American Statistical Association},
	volume={106},
	number={495},
	pages={1150--1166},
	year={2011},
	publisher={Taylor \& Francis}
}
@article{stock2002forecasting,
	title={Forecasting using principal components from a large number of predictors},
	author={Stock, James H and Watson, Mark W},
	journal={Journal of the American statistical association},
	volume={97},
	number={460},
	pages={1167--1179},
	year={2002},
	publisher={Taylor \& Francis}
}
@article{bair2006prediction,
	title={Prediction by supervised principal components},
	author={Bair, Eric and Hastie, Trevor and Paul, Debashis and Tibshirani, Robert},
	journal={Journal of the American Statistical Association},
	volume={101},
	number={473},
	pages={119--137},
	year={2006},
	publisher={Taylor \& Francis}
}
@article{choi2012efficient,
	title={Efficient estimation of factor models},
	author={Choi, In},
	journal={Econometric Theory},
	volume={28},
	number={2},
	pages={274--308},
	year={2012},
	publisher={Cambridge University Press}
}
@article{forni2005generalized,
	title={The generalized dynamic factor model: one-sided estimation and forecasting},
	author={Forni, Mario and Hallin, Marc and Lippi, Marco and Reichlin, Lucrezia},
	journal={Journal of the American Statistical Association},
	volume={100},
	number={471},
	pages={830--840},
	year={2005},
	publisher={Taylor \& Francis}
}
@article{chudik2011weak,
	title={Weak and strong cross-section dependence and estimation of large panels},
	author={Chudik, Alexander and Pesaran, M Hashem and Tosetti, Elisa},
	journal={The Econometrics Journal},
	volume={14},
	number={1},
	year={2011},
	publisher={Wiley Online Library}
}
@article{breitung2011gls,
	title={GLS estimation of dynamic factor models},
	author={Breitung, J{\"o}rg and Tenhofen, J{\"o}rn},
	journal={Journal of the American Statistical Association},
	volume={106},
	number={495},
	pages={1150--1166},
	year={2011},
	publisher={Taylor \& Francis}
}
@book{friedman2001elements,
	title={The elements of statistical learning},
	author={Friedman, Jerome and Hastie, Trevor and Tibshirani, Robert},
	volume={1},
	year={2001},
	publisher={Springer series in statistics New York}
}
@article{ECTJ:ECTJ330,
     	author = {Chudik, Alexander and Pesaran, M. Hashem and Tosetti, Elisa},
     	title = {Weak and strong cross-section dependence and estimation of large panels},
     	journal = {The Econometrics Journal},
     	volume = {14},
     	number = {1},
     	publisher = {Blackwell Publishing Ltd},
     	issn = {1368-423X},
     	pages = {C45--C90},
     	keywords = {Common correlated effects (CCE) estimator, Panels, Strong and weak cross-section dependence, Weak and strong factors},
     	year = {2011},
}
        
        
